@article{greenwade93,
    author  = "George D. Greenwade",
    title   = "The {C}omprehensive {T}ex {A}rchive {N}etwork ({CTAN})",
    year    = "1993",
    journal = "TUGBoat",
    volume  = "14",
    number  = "3",
    pages   = "342--351"
}

@online{
prueba,
author = "Warren E. Buffett",
title = "The Superinvestors of Graham-and-Doddsville",
year = "1984",
url = "https: //www8.gsb.columbia.edu/ sites/valueinvesting/files/files/Buffett1984.pdf",
urldate = "2019-06-30"
}

@online{
descargaComposer,
author = "",
title = "Enlace para escargar composer",
year = "2024",
url = "https://getcomposer.org/", 
urldate = ""
}

@online{
instalaComposer,
author = "",
title = "Enlace tutorial para instalar composer",
year = "2024",
url = "https://www.youtube.com/watch?v=yp04wvbAJPs", 
urldate = ""
}

@online{
docLaravel,
author = "",
title = "Enlace documentos Laravel",
year = "2024",
url = "https://laravel.com/docs/11.x", 
urldate = ""
}

@online{
docLaravelviews,
author = "",
title = "Enlace documentos Laravel para paquete de Composer",
year = "2024",
url = "https://laravel.com/docs/11.x/views#view-composers", 
urldate = ""
}

@online{
docLaravelmigrations,
author = "",
title = "Enlace documentos Laravel para migraciones",
year = "2024",
url = "https://laravel.com/docs/11.x/migrations#main-content", 
urldate = ""
}

@online{
Bootstrap1,
author = "",
title = "Enlace vesrión de Bootstrap utilizada en el Proyecto (descarga)",
year = "2024",
url = "https://getbootstrap.com/docs/5.3/getting-started/download/", 
urldate = ""
}

@online{
BootstrapNavbar,
author = "",
title = "Barra de navegación de Bootstrap utilizada en el Proyecto",
year = "2024",
url = "https://getbootstrap.com/docs/5.3/components/navbar/", 
urldate = ""
}

@online{
BootstrapAlerts,
author = "",
title = "Modelo de alertas de Bootstrap utilizados en el Proyecto",
year = "2024",
url = "https://getbootstrap.com/docs/5.3/components/alerts/", 
urldate = ""
}

@online{
instalacionLaravel,
author = "Tutorial",
title = "Como Instalar LARAVEL en Windows DESDE CERO - RÁPIDO Y FÁCIL",
year = "2023",
url = "https://www.youtube.com/watch?v=bNNAexB7sCw", 
urldate = ""
}


@online{
HolaMundoLaravel,
author = "",
title = "Como hacer un 'Hola mundo' en Laravel",
year = "2023",
url = "https://www.youtube.com/watch?v=hiKMbToMRkE", 
urldate = ""
}

@online{
registroYlogin,
author = "Tutorial.",
title = "Registro y Login completo con Laravel",
year = "2022",
url = "https://www.youtube.com/watch?v=LPrjJ29BQxI", 
urldate = ""
}

@online{CRUDLaravel,
author = "Tutorial.",
title = "Como hacer un CRUD en Laravel",
year = "2021",
url = "https://www.youtube.com/watch?v=9DU7WLZeam8", 
urldate = ""
}

@online{Laravel10CrearProyecto,
author = "Tutorial.",
title = "01 - Crear un nuevo proyecto en Laravel 10 - curso Laravel 10 desde cero",
year = "2023",
url = "https://www.youtube.com/watch?v=3e1IsZJuYAw&list=PLZ2ovOgdI-kWWS9aq8mfUDkJRfYib-SvF&index=2", 
urldate = ""
}

@online{Laravel10Vistas,
author = "Tutorial.",
title = "06 - Vistas en Laravel - Curso Laravel 10 desde cero",
year = "2021",
url = "https://www.youtube.com/watch?v=KZGHCSIb9Q0&list=PLZ2ovOgdI-kWWS9aq8mfUDkJRfYib-SvF&index=8", 
urldate = ""
}

@online{
DocumentaciónPHP,
author = "Documentos",
title = "Documentación PHP.",
year = "2021-2024",
url = "https://www.php.net/manual/es/ini.list.php", 
urldate = ""
}

@online{
DocumentaciónPHPManual,
author = "Documentos",
title = "Documentación PHP Manual.",
year = "2021-2024",
url = "https://www.php.net/manual/es/language.constants.syntax.php",
urldate = ""
}

@book{cursoPHP_2021,
    edition = {1st},
    title = {{Curso de PHP 8 y MYSQL 8} },
    isbn = {},
    publisher = {Ed. Anaya.},
    author = {Cabezas Granado, Luis Miguel and González Lozano, Fransico José},
    year = {2021}
}
Curso de PHP 8 y MYSQL 8. Luis Miguel Cabezas Granado.Francisco
José González Lozano. Ed. ANAYA. 2021

@book{PHP_8,
    edition = {1st},
    title = {{PHP 8. Desarrolle un sitio web dinámico e interactivo.} },
    isbn = {},
    publisher = {Ed. Eni.},
    author = {Heurtel, Olivier},
    year = {2021}
}



PHP 8. Desarrolle un sitio web dinámico e interactivo. Olivier
Heurtel. Ed.Eni. 2021

@book{ProgAvanza,
    edition = {1st},
    title = {{Programación avanzada con PHP.} },
    isbn = {},
    publisher = {Ed. RCLibros.},
    author = {Italo Morales, F},
    year = {2020}
}

